% https://arxiv.org/pdf/1904.03345.pdf
@book{semgcn,
  author = {Long Zhao and Xi Peng and Yu Tian and Mubbasir Kapadia and Dimitris N. Metaxas},
  title = {Semantic Graph Convolutional Networks for 3D Human Pose Regression},
  year = {2020},
}
% https://arxiv.org/pdf/1705.03098.pdf
@book{baseline,
  author = {Julieta Martinez and Rayat Hossain and Javier Romero and James J. Little},
  title = {A simple yet effective baseline for 3d human pose estimation},
  year = {2017},
}

% https://arxiv.org/pdf/1711.07971.pdf
@book{nonlocal,
  author = {Xiaolong Wang and Ross Girshick and Abhinav Gupta and Kaiming He},
  title = {Non-local Neural Networks},
  year = {2018},
}

% https://arxiv.org/pdf/1811.12004.pdf
@book{lightweightopenpose,
  author = {Daniil Osokin},
  title = {Real-time 2D Multi-Person Pose Estimation on CPU: Lightweight OpenPose},
  year = {2018},
}

% https://www.sciencedirect.com/science/article/pii/S1077314221000692
@book{poseestimationreview,
  author = {Jinbao Wang and Shujie Tan and Xiantong Zhen and Shuo Xu and Feng Zheng and Zhenyu He and Ling Shao},
  title = {Deep 3D human pose estimation: A review},
  year = {2021},
}

% https://www.shadowrobot.com/wp-content/uploads/A-Mobile-Robot-Hand-Arm-Teleoperation-System-by-Vision-and-IMU-Mentions-Shadow-Dexterous-Hand-2020.pdf
@book{shadowrobot,
  author = {Shuang Li and Jiaxi Jiang and Philipp Ruppel and Hongzhuo Liang and Xiaojian Ma and Norman Hendrich and Fuchun Sun and Jianwei Zhang},
  title = {A Mobile Robot Hand-Arm Teleoperation System by Vision and IMU},
  year = {2020},
}

% https://tachilab.org/content/files/publication/ic/tachi2019ICAT.pdf
@book{teleexistence,
  author = {Susumu Tachi},
  title = {Forty Years of Telexistence â€” From Concept to TELESAR VI},
  year = {2019},
}

% https://arxiv.org/abs/1903.00812
@book{handgcn,
  author = {Ge, Liuhao and Ren, Zhou and Li, Yuncheng and Xue, Zehao and Wang, Yingying and Cai, Jianfei and Yuan, Junsong},
  title = {3D Hand Shape and Pose Estimation from a Single RGB Image},
  year = {2019},
}

% https://arxiv.org/abs/2006.10204
@book{blazepose,
  author = {Bazarevsky, Valentin and Grishchenko, Ivan and Raveendran, Karthik and Zhu, Tyler and Zhang, Fan and Grundmann, Matthias},
  title = {BlazePose: On-device Real-time Body Pose tracking},
  year = {2020},
}

% https://arxiv.org/abs/1512.03385
@book{resnet,
  author = {He, Kaiming and Zhang, Xiangyu and Ren, Shaoqing and Sun, Jian},
  title = {Deep Residual Learning for Image Recognition},
  year = {2015},
}

% https://er.ucu.edu.ua/bitstream/handle/1/1327/Chernytska%20-%203D%20Hand%20Pose%20Estimation%20from%20Single%20RGB%20Camera%20-%20master%20thesis.pdf
@book{olha,
  author = {Olha, Chernytska, and Dmitry, Pranchuk},
  title = {3D Hand Pose Estimation from Single RGB Camera},
  year = {2019},
}

% https://lmb.informatik.uni-freiburg.de/projects/freihand/
@book{freihand,
  author    = {Christian Zimmermann and
               Duygu Ceylan and
               Jimei Yang and
               Bryan C. Russell and
               Max Argus and
               Thomas Brox},
  title     = {FreiHAND: {A} Dataset for Markerless Capture of Hand Pose and Shape
               from Single {RGB} Images},
  year      = {2019},
}

% https://arxiv.org/abs/2104.00272
@book{meshgraphormer,
  author    = {Kevin Lin and
               Lijuan Wang and
               Zicheng Liu},
  title     = {Mesh Graphormer},
  year      = {2021},
}

% https://arxiv.org/abs/2008.09047
@book{pose2mesh,
  author    = {Hongsuk Choi and
               Gyeongsik Moon and
               Kyoung Mu Lee},
  title     = {Pose2Mesh: Graph Convolutional Network for 3D Human Pose and Mesh
               Recovery from a 2D Human Pose},
  year      = {2020},
}

% https://arxiv.org/abs/2008.09047
@book{mycobot,
  author    = {Elephant Robotics},
  title     = {MyCobot Ros},
  url       = {https://github.com/elephantrobotics/mycobot_ros},
}

% https://arxiv.org/abs/2008.09047
@book{unity3d,
  author    = {Unity Technologies},
  title     = {Unity Robotics Hub},
  url       = {https://github.com/Unity-Technologies/Unity-Robotics-Hub},
}
